@article{RJ-2021-105,
  author = {H. Sherry Zhang and Dianne Cook and Ursula Laa and Nicolas
          Langrené and Patricia Menéndez},
  title = {{Visual Diagnostics for Constrained Optimisation with
          Application to Guided Tours}},
  year = {2021},
  journal = {{The R Journal}},
  doi = {10.32614/RJ-2021-105},
  url = {https://doi.org/10.32614/RJ-2021-105},
  pages = {624--641},
  volume = {13},
  number = {2}
}

@article{lee_state,
	title = {The state-of-the-art on tours for dynamic visualization of high-dimensional data},
	volume = {14},
	issn = {1939-0068},
	url = {https://onlinelibrary.wiley.com/doi/abs/10.1002/wics.1573},
	doi = {10.1002/wics.1573},
	number = {4},
	journal = {WIREs Computational Statistics},
	author = {Lee, Stuart and Cook, Dianne and da Silva, Natalia and Laa, Ursula and Spyrison, Nicholas and Wang, Earo and Zhang, H. Sherry},
	year = {2022},
	pages = {e1573}
}



@techreport{zhang_wrangling_2022,
	title = {{cubble: An R Package for Organizing and Wrangling Multivariate Spatio-temporal Data}},
	author = {Zhang, H. Sherry and Cook, Dianne and Laa, Ursula and Langrené, Nicolas and Menéndez, Patricia},
	url = {https://github.com/huizezhang-sherry/paper-cubble},
	month = {Apr},
	year = {2022},
	journal = {Submitted to Journal of Statistical Software}
}
