@article{RJ-2021-105,
  author = {H. Sherry Zhang and Dianne Cook and Ursula Laa and Nicolas
          Langren{é} and Patricia Men{é}ndez},
  title = {Visual Diagnostics for Constrained Optimisation with
          Application to Guided Tours},
  year = {2021},
  journal = {The R Journal},
  doi = {10.32614/RJ-2021-105},
  url = {https://doi.org/10.32614/RJ-2021-105},
  pages = {624--641},
  volume = {13},
  number = {2}
}